@inproceedings{mckeen2013innovative,
  title={Innovative instructions and software model for isolated execution.},
  author={McKeen, Frank and Alexandrovich, Ilya and Berenzon, Alex and Rozas, Carlos V and Shafi, Hisham and Shanbhogue, Vedvyas and Savagaonkar, Uday R},
  booktitle={HASP@ ISCA},
  pages={10},
  year={2013}
}

@article{armbrust2010view,
  title={A view of cloud computing},
  author={Armbrust, Michael and Fox, Armando and Griffith, Rean and Joseph, Anthony D and Katz, Randy and Konwinski, Andy and Lee, Gunho and Patterson, David and Rabkin, Ariel and Stoica, Ion and others},
  journal={Communications of the ACM},
  volume={53},
  number={4},
  pages={50--58},
  year={2010},
  publisher={ACM}
}

@inproceedings{sac2017,
 author = {Silva, Leandro Ventura and Marinho, Rodolfo and Vivas, Jose Luis and Brito, Andrey},
 title = {Security and Privacy Preserving Data Aggregation in Cloud Computing},
 booktitle = {Proceedings of the Symposium on Applied Computing},
 series = {SAC '17},
 year = {2017},
 isbn = {978-1-4503-4486-9},
 location = {Marrakech, Morocco},
 pages = {1732--1738},
 numpages = {7},
 url = {http://doi.acm.org/10.1145/3019612.3019795},
 doi = {10.1145/3019612.3019795},
 acmid = {3019795},
 publisher = {ACM},
 address = {New York, NY, USA},
 keywords = {privacy, secure cloud computing, smart grid, smart metering},
}

@article{coldbootattack,
  title={Lest we remember: cold-boot attacks on encryption keys},
  author={Halderman, J Alex and Schoen, Seth D and Heninger, Nadia and Clarkson, William and Paul, William and Calandrino, Joseph A and Feldman, Ariel J and Appelbaum, Jacob and Felten, Edward W},
  journal={Communications of the ACM},
  volume={52},
  number={5},
  pages={91--98},
  year={2009},
  publisher={ACM}
}

@inproceedings{scone,
  title={SCONE: Secure linux containers with Intel SGX},
  author={Arnautov, Sergei and Trach, Bohdan and Gregor, Franz and Knauth, Thomas and Martin, Andre and Priebe, Christian and Lind, Joshua and Muthukumaran, Divya and O’Keeffe, Daniel and Stillwell, Mark L and others},
  booktitle={12th USENIX Symp. Operating Systems Design and Implementation},
  year={2016}
}

@inproceedings{tsai2017graphene,
  title={Graphene-SGX: A practical library OS for unmodified applications on SGX},
  author={Tsai, Chia-Che and Porter, Donald E and Vij, Mona},
  booktitle={Proceedings of the USENIX Annual Technical Conference (ATC)},
  pages={8},
  year={2017}
}

@article{baumann2015shielding,
  title={Shielding applications from an untrusted cloud with haven},
  author={Baumann, Andrew and Peinado, Marcus and Hunt, Galen},
  journal={ACM Transactions on Computer Systems (TOCS)},
  volume={33},
  number={3},
  pages={8},
  year={2015},
  publisher={ACM}
}

@article{explained086,
  title={Intel SGX Explained.},
  author={Costan, Victor and Devadas, Srinivas},
  journal={IACR Cryptology ePrint Archive},
  volume={2016},
  pages={86},
  year={2016}
}

@misc{idapro,
  title = {IDA Disassembler and Debugger},
  howpublished = {https://www.hex-rays.com/products/ida/index.shtml},
  note = {Último acesso em 10/01/2018}
}

@article{aes2001,
  title={197: Advanced encryption standard (AES)},
  author={Pub, NIST FIPS},
  journal={Federal information processing standards publication},
  volume={197},
  number={441},
  pages={0311},
  year={2001}
}

@misc{omtpadvanced2009,
  title = {Advanced trusted environment: omtp tr1 v1.1},
  author = {OMTP},
  year = {2009},
  howpublished = {http://www.omtp.org/OMTP\_Advanced\_Trusted\_Environment\_OMTP\_TR1\_v1\_1.pdf},
  note = {Último acesso em 10/01/2018}
}

@misc{globalplatform2017,
  title = {Trusted Execution Environment (TEE) Guide},
  author = {GlobalPlatform},
  howpublished = {https://www.globalplatform.org/mediaguidetee.asp},
  note = {Último acesso em 10/01/2018}
}

@article{hoekstra2013using,
  title={Using innovative instructions to create trustworthy software solutions.},
  author={Hoekstra, Matthew and Lal, Reshma and Pappachan, Pradeep and Phegade, Vinay and Del Cuvillo, Juan},
  journal={HASP@ ISCA},
  volume={11},
  year={2013}
}

@article{swami2017intel,
  title={Intel SGX Remote Attestation is not sufficient},
  author={Swami, Yogesh},
  year={2017}
}

@misc{costcybercrime2016,
  title = {2016 Cost of Cyber Crime Study \& the Risk of Business Innovation},
  author = {HPE},
  howpublished = {https://www.ponemon.org/local/upload/file/2016%20HPE%20CCC%20GLOBAL%20REPORT%20FINAL%203.pdf},
  note = {Último acesso em 10/01/2018}
}

@inproceedings{chen2012data,
  title={Data security and privacy protection issues in cloud computing},
  author={Chen, Deyan and Zhao, Hong},
  booktitle={Computer Science and Electronics Engineering (ICCSEE), 2012 International Conference on},
  volume={1},
  pages={647--651},
  year={2012},
  organization={IEEE}
}

@INPROCEEDINGS{DynSGXCloudCom2017, 
author={R. Silva and P. Barbosa and A. Brito}, 
booktitle={2017 IEEE International Conference on Cloud Computing Technology and Science (CloudCom)}, 
title={DynSGX: A Privacy Preserving Toolset for Dinamically Loading Functions into Intel(R) SGX Enclaves}, 
year={2017}, 
volume={}, 
number={}, 
pages={314-321}, 
keywords={Cloud computing;Cryptography;Hardware;Privacy;Random access memory;Code Privacy;Data Privacy;Data Security;Intel SGX}, 
doi={10.1109/CloudCom.2017.42}, 
ISSN={}, 
month={Dec},}

@inproceedings{trustshadow2017,
 author = {Guan, Le and Liu, Peng and Xing, Xinyu and Ge, Xinyang and Zhang, Shengzhi and Yu, Meng and Jaeger, Trent},
 title = {TrustShadow: Secure Execution of Unmodified Applications with ARM TrustZone},
 booktitle = {Proceedings of the 15th Annual International Conference on Mobile Systems, Applications, and Services},
 series = {MobiSys '17},
 year = {2017},
 isbn = {978-1-4503-4928-4},
 location = {Niagara Falls, New York, USA},
 pages = {488--501},
 numpages = {14},
 url = {http://doi.acm.org/10.1145/3081333.3081349},
 doi = {10.1145/3081333.3081349},
 acmid = {3081349},
 publisher = {ACM},
 address = {New York, NY, USA},
 keywords = {IoT, arm trustzone, malicious operating systems, trusted execution}
}

@misc{sgxdeveloperreference,
  title={Software Guard Extensions SDK for Linux* OS, Revision 1.9},
  howpublished = {https://download.01.org/intel-sgx/linux-2.0/docs/Intel\_SGX\_SDK\_Developer\_Reference\_Linux\_2.0\_Open\_Source.pdf},
  author={Intel, Intel R},
  note = {Último acesso em 10/01/2018}
}

@misc{trustzone,
  title = {ARM Truszone},
  author = {ARM},
  howpublished = {http://infocenter.arm.com/help/topic/com.arm.doc.prd29-genc-009492c/PRD29-GENC-009492C\_trustzone\_security\_whitepaper.pdf},
  note = {Último acesso em: 10/01/2018}
}


@inproceedings{cachezoom2017,
  author={Moghimi, Ahmad and Irazoqui, Gorka and Eisenbarth, Thomas},
  title={CacheZoom: How SGX Amplifies The Power of Cache Attacks},
  booktitle={Cryptographic Hardware and Embedded Systems},
  series={CHES 2017}, 
  year={2017},
  isbn={978-3-319-66787-4},
  location={Taipei, Taiwan},
  pages={69--90},
  numpages={22},
  url={https://link.springer.com/content/pdf/10.1007%2F978-3-319-66787-4.pdf},
  doi={10.1007/978-3-319-66787-4_4},
  publisher={Springer}
}

@inproceedings{hahnel2017high,
  title={High-resolution side channels for untrusted operating systems},
  author={H{\"a}hnel, Marcus and Cui, Weidong and Peinado, Marcus},
  booktitle={2017 USENIX Annual Technical Conference (USENIX ATC 17). USENIX Association, Santa Clara, CA},
  pages={299--312},
  year={2017}
}

@inproceedings{schwarz2017malware,
  title={Malware guard extension: Using SGX to conceal cache attacks},
  author={Schwarz, Michael and Weiser, Samuel and Gruss, Daniel and Maurice, Cl{\'e}mentine and Mangard, Stefan},
  booktitle={International Conference on Detection of Intrusions and Malware, and Vulnerability Assessment},
  pages={3--24},
  year={2017},
  organization={Springer}
}

@inproceedings{gotzfried2017cache,
  title={Cache Attacks on Intel SGX.},
  author={G{\"o}tzfried, Johannes and Eckert, Moritz and Schinzel, Sebastian and M{\"u}ller, Tilo},
  booktitle={EUROSEC},
  pages={2--1},
  year={2017}
}

@article{shinde2015preventing,
  title={Preventing your faults from telling your secrets: Defenses against pigeonhole attacks},
  author={Shinde, Shweta and Chua, Zheng Leong and Narayanan, Viswesh and Saxena, Prateek},
  journal={arXiv preprint arXiv:1506.04832},
  year={2015}
}

@article{lee2016inferring,
  title={Inferring fine-grained control flow inside SGX enclaves with branch shadowing},
  author={Lee, Sangho and Shih, Ming-Wei and Gera, Prasun and Kim, Taesoo and Kim, Hyesoon and Peinado, Marcus},
  journal={arXiv preprint arXiv:1611.06952},
  year={2016}
}

@inproceedings{gruss2017strong,
  title={Strong and efficient cache side-channel protection using hardware transactional memory},
  author={Gruss, Daniel and Lettner, Julian and Schuster, Felix and Ohrimenko, Olya and Haller, Istvan and Costa, Manuel},
  booktitle={USENIX Security Symposium},
  year={2017}
}

@inproceedings{lind2017glamdring,
  title={Glamdring: Automatic application partitioning for Intel SGX},
  author={Lind, Joshua and Priebe, Christian and Muthukumaran, Divya and O’Keeffe, Dan and Aublin, Pierre-Louis and Kelbert, Florian and Reiher, Tobias and Goltzsche, David and Eyers, David and Kapitza, R{\"u}diger and others},
  booktitle={2017 USENIX Annual Technical Conference (USENIX ATC 17), Santa Clara, CA},
  year={2017}
}

@inproceedings{kuvaiskii2017sgxbounds,
  title={SGXBOUNDS: Memory safety for shielded execution},
  author={Kuvaiskii, Dmitrii and Oleksenko, Oleksii and Arnautov, Sergei and Trach, Bohdan and Bhatotia, Pramod and Felber, Pascal and Fetzer, Christof},
  booktitle={Proceedings of the Twelfth European Conference on Computer Systems},
  pages={205--221},
  year={2017},
  organization={ACM}
}

@inproceedings{seo2017sgx,
  title={SGX-Shield: Enabling address space layout randomization for SGX programs},
  author={Seo, Jaebaek and Lee, Byounyoung and Kim, Seongmin and Shih, Ming-Wei and Shin, Insik and Han, Dongsu and Kim, Taesoo},
  booktitle={Proceedings of the 2017 Annual Network and Distributed System Security Symposium (NDSS), San Diego, CA},
  year={2017}
}

@inproceedings{shih2017t,
  title={T-SGX: Eradicating controlled-channel attacks against enclave programs},
  author={Shih, Ming-Wei and Lee, Sangho and Kim, Taesoo and Peinado, Marcus},
  booktitle={Proceedings of the 2017 Annual Network and Distributed System Security Symposium (NDSS), San Diego, CA},
  year={2017}
}

@inproceedings{braz2016,
  author = {Braz, L. and Gheyi, R. and Mongiovi, M. and Ribeiro, M. and Medeiros, F. and Teixeira,
    L.},
  booktitle = {ACM GPCE'16},
  pages = {109--119},
  title = {A Change-centric Approach to Compile Configurable Systems with \#Ifdefs},
  year = {2016}
}

@misc{logictrusted,
  title={Trusted foundations by trusted logic mobility},
  author={Logic, Trusted},
  note = {Último acesso em 10/01/2018}
}

@misc{trustonic2017,
  title = {Trustonic Secured Platforms},
  howpublished = {https://www.trustonic.com/solutions/trustonic-secured-platforms-tsp},
  note = {Último acesso em 10/01/2018}
}

@inproceedings{mccune2008flicker,
  title={Flicker: An execution infrastructure for TCB minimization},
  author={McCune, Jonathan M and Parno, Bryan J and Perrig, Adrian and Reiter, Michael K and Isozaki, Hiroshi},
  booktitle={ACM SIGOPS Operating Systems Review},
  volume={42},
  number={4},
  pages={315--328},
  year={2008}
}

@misc{amdSMESEV,
  author = {AMD},
  title = {AMD Memory Encryption},
  howpublished = {http://amd-dev.wpengine.netdna-cdn.com/wordpress/media/2013/12/AMD\_Memory\_Encryption\_Whitepaper\_v7-Public.pdf},
  note = {Último acesso em 10/01/2018}
}

@misc{qemu,
  title = {QEMU},
  howpublished = {https://www.qemu.org/},
  note = {Último acesso em 10/01/2018}
}

@misc{xen,
  author = {The Linux Foundation},
  title = {The Xen Project},
  howpublished = {https://www.xenproject.org/},
  note = {Último acesso em 10/01/2018}
}

@misc{kvm,
  title = {Kernel Virtual Machine},
  howpublished = {https://www.linux-kvm.org/},
  note = {Último acesso em 10/01/2018}
}

@misc{vmware,
  title = {vmware},
  howpublished = {https://www.vmware.com/},
  note = {Último acesso em 10/01/2018}
}

@book{rushby1981design,
  title={Design and verification of secure systems},
  author={Rushby, John M},
  volume={15},
  number={5},
  year={1981},
  publisher={ACM}
}

@article{lampson1992authentication,
  title={Authentication in distributed systems: Theory and practice},
  author={Lampson, Butler and Abadi, Mart{\'\i}n and Burrows, Michael and Wobber, Edward},
  journal={ACM Transactions on Computer Systems (TOCS)},
  volume={10},
  number={4},
  pages={265--310},
  year={1992},
  publisher={ACM}
}

@inproceedings{qiu1985trusted,
  title={Trusted computer system evaluation criteria},
  author={Qiu, Lili and Zhang, Yin and Wang, Feng and Kyung, Mi and Mahajan, Han Ratul},
  booktitle={National Computer Security Center},
  year={1985},
  organization={Citeseer}
}

@book{mcconnell2004code,
  title={Code complete},
  author={McConnell, Steve},
  year={2004},
  publisher={Pearson Education}
}

@book{menezes1996handbook,
  title={Handbook of applied cryptography},
  author={Menezes, Alfred J and Van Oorschot, Paul C and Vanstone, Scott A},
  year={1996},
  publisher={CRC press}
}

@article{merkle1978secure,
  title={Secure communications over insecure channels},
  author={Merkle, Ralph C},
  journal={Communications of the ACM},
  volume={21},
  number={4},
  pages={294--299},
  year={1978},
  publisher={ACM}
}

@article{kortchinsky2009cloudburst,
  title={Cloudburst: A VMware guest to host escape story},
  author={Kortchinsky, Kostya},
  journal={Black Hat USA},
  pages={19},
  year={2009}
}

@inproceedings{krawiecka2016protecting,
  title={Protecting password databases using trusted hardware},
  author={Krawiecka, Klaudia and Paverd, Andrew and Asokan, N},
  booktitle={Proceedings of the 1st Workshop on System Software for Trusted Execution},
  pages={9},
  year={2016},
  organization={ACM}
}

@article{fetzer2016building,
  title={Building critical applications using microservices},
  author={Fetzer, Christof},
  journal={IEEE Security \& Privacy},
  volume={14},
  number={6},
  pages={86--89},
  year={2016},
  publisher={IEEE}
}